@inproceedings{Vogel:2005,
 author = {Vogel, Daniel and Balakrishnan, Ravin},
 title = {Distant Freehand Pointing and Clicking on Very Large, High Resolution Displays},
 booktitle = {Proceedings of the 18th Annual ACM Symposium on User Interface Software and Technology},
 series = {UIST '05},
 year = {2005},
 isbn = {1-59593-271-2},
 location = {Seattle, WA, USA},
 pages = {33--42},
 numpages = {10},
 url = {http://doi.acm.org/10.1145/1095034.1095041},
 doi = {10.1145/1095034.1095041},
 acmid = {1095041},
 publisher = {ACM},
 address = {New York, NY, USA},
 keywords = {freehand gestures, pointing, very large displays, whole hand interaction},
} 

@inproceedings{Walter:2014,
 author = {Walter, Robert and Bailly, Gilles and Valkanova, Nina and M\"{u}ller, J\"{o}rg},
 title = {Cuenesics: Using Mid-air Gestures to Select Items on Interactive Public Displays},
 booktitle = {Proceedings of the 16th International Conference on Human-computer Interaction with Mobile Devices \&\#38; Services},
 series = {MobileHCI '14},
 year = {2014},
 isbn = {978-1-4503-3004-6},
 location = {Toronto, ON, Canada},
 pages = {299--308},
 numpages = {10},
 url = {http://doi.acm.org/10.1145/2628363.2628368},
 doi = {10.1145/2628363.2628368},
 acmid = {2628368},
 publisher = {ACM},
 address = {New York, NY, USA},
 keywords = {immediate usability, interactive public displays, mid-air gestures, selection techniques},
} 