%GENERAL INFO
% Use templates from https://verbosus.com/bibtex-style-examples.html
% Feel free to add more info, but comment out lines that isn't following the template from verbosus.
% Be aware that the bibtex format (template) from ACM has more entries than neccesarry
% Example can be seen in entry 1

%FILE INFO
% Currently adding entrities from the lit review on google docs, in the same order as the refference list.
% To avoid confusion, please only add entries in the buttom of the file (after the Others comment)


%1
%Originated from ACM template, info from http://ftp.math.utah.edu/pub/tex/bib/sciam1990.html#Weiser:1991:CC
@article{Weiser:1991,
 author = {Weiser, M.},
 title = {The computer for the 21st century},
 journal = {Scientific American},
 issue_date = {September 1991},
 volume = {265},
 number = {3},
 month = sep,
 year = {1991},
 issn = {0036-8733 (print), 1946-7087 (electronic)},
 ISSN-L = {0036-8733},
 pages = {94--104},
 numpages = {10},
%%%%%
 url = {http://www.nature.com/scientificamerican/journal/v265/n3/pdf/scientificamerican0991-94.pdf},
 doi = {10.1038/scientificamerican0991-94},
% acmid = {},
% publisher = {IEEE Computer Society Press},% Not needed for journal
%address = {Los Alamitos, CA, USA},
} 

%2
@conference{Jain:2011,
  author       = {Jain, Jhilmil and Lund, Arnold and Wixon, Dennis}, 
  title        = {The Future of Natural User Interfaces},
  booktitle    = {Proc.},
  year         = 2011,
 % editor       = { 	Desney Tan},
  %volume       = 4,
  %series       = 5,
  pages        = {211--214},
  %address      = {New York, NY, USA},
  %month        = 7,
  organization = {CHI '11},
  publisher    = {ACM},
  %note         = {An optional note}  
}

%%-old
%%Originated from ACM
%@inproceedings{Jain:2011,
% author = {Jain, Jhilmil and Lund, Arnold and Wixon, Dennis},
% title = {The Future of Natural User Interfaces},
% %booktitle = {CHI '11 Extended Abstracts on Human Factors in Computing Systems},
% booktitle = {Proc.},
% %series = {CHI EA '11},
% year = {2011},
% %isbn = {978-1-4503-0268-5},
% %location = {Vancouver, BC, Canada},
% pages = {211--214},
% numpages = {4},
% %url = {http://doi.acm.org/10.1145/1979742.1979527},
% %doi = {10.1145/1979742.1979527},
% acmid = {1979527},
% publisher = {ACM},
% address = {New York, NY, USA},
% keywords = {3D, NUI, augmented reality, gesture, multimodal interface, natural user interface, speech, touch},
%} 

%3


%%%%%Others (not edited yet)
@inproceedings{Vogel:2005,
 author = {Vogel, Daniel and Balakrishnan, Ravin},
 title = {Distant Freehand Pointing and Clicking on Very Large, High Resolution Displays},
 booktitle = {Proceedings of the 18th Annual ACM Symposium on User Interface Software and Technology},
 series = {UIST '05},
 year = {2005},
 isbn = {1-59593-271-2},
 location = {Seattle, WA, USA},
 pages = {33--42},
 numpages = {10},
 url = {http://doi.acm.org/10.1145/1095034.1095041},
 doi = {10.1145/1095034.1095041},
 acmid = {1095041},
 publisher = {ACM},
 address = {New York, NY, USA},
 keywords = {freehand gestures, pointing, very large displays, whole hand interaction},
} 

@inproceedings{Walter:2014,
 author = {Walter, Robert and Bailly, Gilles and Valkanova, Nina and M\"{u}ller, J\"{o}rg},
 title = {Cuenesics: Using Mid-air Gestures to Select Items on Interactive Public Displays},
 booktitle = {Proceedings of the 16th International Conference on Human-computer Interaction with Mobile Devices \&\#38; Services},
 series = {MobileHCI '14},
 year = {2014},
 isbn = {978-1-4503-3004-6},
 location = {Toronto, ON, Canada},
 pages = {299--308},
 numpages = {10},
 url = {http://doi.acm.org/10.1145/2628363.2628368},
 doi = {10.1145/2628363.2628368},
 acmid = {2628368},
 publisher = {ACM},
 address = {New York, NY, USA},
 keywords = {immediate usability, interactive public displays, mid-air gestures, selection techniques},

%10
@ARTICLE{Ren:2013,
author={Gang Ren and Chuan Li and O'Neill, E. and Willis, P.},
journal={Computer Graphics and Applications, IEEE},
title={3D Freehand Gestural Navigation for Interactive Public Displays},
year={2013},
volume={33},
number={2},
pages={47-55},
%keywords={keyboards;mouse controllers (computers);user interfaces;3D freehand gestural navigation;freehand gestural interaction;gaming;interactive public displays;keyboard-and-mouse interaction;learning;low-cost devices;natural experience;personal environments;planning;public environments;qualitative field study;quantitative lab;urban visualization;user interaction;Cities and towns;Displays;Games;Gesture recognition;Haptic interfaces;Human computer interaction;Interactive systems;Navigation;Three dimensional displays;Urban areas;User interfaces;Visualization;3D navigation;Cities and towns;Displays;Games;Gesture recognition;Haptic interfaces;Human computer interaction;Interactive systems;Navigation;Three dimensional displays;Urban areas;User interfaces;Visualization;computer graphics;freehand gestures;human-computer interaction;input devices;interaction with public displays;user interfaces},
%doi={10.1109/MCG.2013.15},
%ISSN={0272-1716},
month={March},}
} 