%GENERAL INFO
% Use templates from https://verbosus.com/bibtex-style-examples.html
% Feel free to add more info, but comment out lines that isn't following the template from verbosus.
% Be aware that the bibtex format (template) from ACM has more entries than neccesarry
% Example can be seen in entry 1

%FILE INFO
% Currently adding entrities from the lit review on google docs, in the same order as the refference list.
% To avoid confusion, please only add entries in the buttom of the file (after the Others comment)

@inproceedings{Bragdon:2011,
 author = {Bragdon, Andrew and DeLine, Rob and Hinckley, Ken and Morris, Meredith Ringel},
 title = {Code Space: Touch + Air Gesture Hybrid Interactions for Supporting Developer Meetings},
 booktitle = {Proceedings of the ACM International Conference on Interactive Tabletops and Surfaces},
 series = {ITS '11},
 year = {2011},
 isbn = {978-1-4503-0871-7},
 location = {Kobe, Japan},
 pages = {212--221},
 numpages = {10},
 url = {http://doi.acm.org/10.1145/2076354.2076393},
 doi = {10.1145/2076354.2076393},
 acmid = {2076393},
 publisher = {ACM},
 address = {New York, NY, USA},
 keywords = {cross-device interaction, depth camera, development teams, mobile devices, touch},
} 

@inproceedings{Lucero:2012,
 author = {Lucero, Andr{\'e}s and Holopainen, Jussi and Jokela, Tero},
 title = {MobiComics: Collaborative Use of Mobile Phones and Large Displays for Public Expression},
 booktitle = {Proceedings of the 14th International Conference on Human-computer Interaction with Mobile Devices and Services},
 series = {MobileHCI '12},
 year = {2012},
 isbn = {978-1-4503-1105-2},
 location = {San Francisco, California, USA},
 pages = {383--392},
 numpages = {10},
 url = {http://doi.acm.org/10.1145/2371574.2371634},
 doi = {10.1145/2371574.2371634},
 acmid = {2371634},
 publisher = {ACM},
 address = {New York, NY, USA},
 keywords = {collocated Interaction, handheld devices, public displays},
} 

@inproceedings{Boring:2009,
 author = {Boring, Sebastian and Jurmu, Marko and Butz, Andreas},
 title = {Scroll, Tilt or Move It: Using Mobile Phones to Continuously Control Pointers on Large Public Displays},
 booktitle = {Proceedings of the 21st Annual Conference of the Australian Computer-Human Interaction Special Interest Group: Design: Open 24/7},
 series = {OZCHI '09},
 year = {2009},
 isbn = {978-1-60558-854-4},
 location = {Melbourne, Australia},
 pages = {161--168},
 numpages = {8},
 url = {http://doi.acm.org/10.1145/1738826.1738853},
 doi = {10.1145/1738826.1738853},
 acmid = {1738853},
 publisher = {ACM},
 address = {New York, NY, USA},
 keywords = {accelerometers, cursor control, fatigue, input techniques/mappings, optical flow, target acquisition},
} 

@inproceedings{Rekimoto:1997,
	author = {Rekimoto, Jun},
	title = {Pick-and-drop: A Direct Manipulation Technique for Multiple Computer Environments},
	booktitle = {Proceedings of the 10th Annual ACM Symposium on User Interface Software and Technology},
	series = {UIST '97},
	year = {1997},
	isbn = {0-89791-881-9},
	location = {Banff, Alberta, Canada},
	pages = {31--39},
	numpages = {9},
	url = {http://doi.acm.org/10.1145/263407.263505},
	doi = {10.1145/263407.263505},
	acmid = {263505},
	publisher = {ACM},
	address = {New York, NY, USA},
	keywords = {computer augmented environments, direct manipulation, drag-and-drop, graphical user interfaces, input devices, multi-computer user interfaces, pen interfaces, stylus interfaces, ubiquitous computing},
} 
@inproceedings{Rekimoto:1998,
	author = {Rekimoto, Jun},
	title = {Multiple-Computer User Interfaces: A Cooperative Environment Consisting of Multiple Digital Devices},
	booktitle = {Proceedings of the First International Workshop on Cooperative Buildings, Integrating Information, Organization, and Architecture},
	series = {CoBuild '98},
	year = {1998},
	isbn = {3-540-64237-4},
	pages = {33--40},
	numpages = {8},
	url = {http://dl.acm.org/citation.cfm?id=645968.674728},
	acmid = {674728},
	publisher = {Springer-Verlag},
	address = {London, UK, UK},
} 

@inproceedings{Marquardt:2011,
	author = {Marquardt, Nicolai},
	title = {Proxemic Interactions in Ubiquitous Computing Ecologies},
	booktitle = {CHI '11 Extended Abstracts on Human Factors in Computing Systems},
	series = {CHI EA '11},
	year = {2011},
	isbn = {978-1-4503-0268-5},
	location = {Vancouver, BC, Canada},
	pages = {1033--1036},
	numpages = {4},
	url = {http://doi.acm.org/10.1145/1979742.1979691},
	doi = {10.1145/1979742.1979691},
	acmid = {1979691},
	publisher = {ACM},
	address = {New York, NY, USA},
	keywords = {digital devices, digital interactive surfaces, interaction, proxemics, ubiquitous computing, user interfaces},
} 
@inproceedings{Marquardt:2012,
	author = {Marquardt, Nicolai and Hinckley, Ken and Greenberg, Saul},
	title = {Cross-device Interaction via Micro-mobility and F-formations},
	booktitle = {Proceedings of the 25th Annual ACM Symposium on User Interface Software and Technology},
	series = {UIST '12},
	year = {2012},
	isbn = {978-1-4503-1580-7},
	location = {Cambridge, Massachusetts, USA},
	pages = {13--22},
	numpages = {10},
	url = {http://doi.acm.org/10.1145/2380116.2380121},
	doi = {10.1145/2380116.2380121},
	acmid = {2380121},
	publisher = {ACM},
	address = {New York, NY, USA},
	keywords = {f-formations, micro-mobility, proxemics, sensors, tablets},
} 
@inproceedings{Seifert:2012,
	author = {Seifert, Julian and Simeone, Adalberto and Schmidt, Dominik and Holleis, Paul and Reinartz, Christian and Wagner, Matthias and Gellersen, Hans and Rukzio, Enrico},
	title = {MobiSurf: Improving Co-located Collaboration Through Integrating Mobile Devices and Interactive Surfaces},
	booktitle = {Proceedings of the 2012 ACM International Conference on Interactive Tabletops and Surfaces},
	series = {ITS '12},
	year = {2012},
	isbn = {978-1-4503-1209-7},
	location = {Cambridge, Massachusetts, USA},
	pages = {51--60},
	numpages = {10},
	url = {http://doi.acm.org/10.1145/2396636.2396644},
	doi = {10.1145/2396636.2396644},
	acmid = {2396644},
	publisher = {ACM},
	address = {New York, NY, USA},
	keywords = {co-located collaboration, interactive surfaces, smart phones},
} 

@inproceedings{Bragdon:2011,
	author = {Bragdon, Andrew and DeLine, Rob and Hinckley, Ken and Morris, Meredith Ringel},
	title = {Code Space: Touch + Air Gesture Hybrid Interactions for Supporting Developer Meetings},
	booktitle = {Proceedings of the ACM International Conference on Interactive Tabletops and Surfaces},
	series = {ITS '11},
	year = {2011},
	isbn = {978-1-4503-0871-7},
	location = {Kobe, Japan},
	pages = {212--221},
	numpages = {10},
	url = {http://doi.acm.org/10.1145/2076354.2076393},
	doi = {10.1145/2076354.2076393},
	acmid = {2076393},
	publisher = {ACM},
	address = {New York, NY, USA},
	keywords = {cross-device interaction, depth camera, development teams, mobile devices, touch},
} 